@article{
ferro2008effect,
title={On the effect of ensemble size on the discrete and continuous ranked
probability scores},
volume={15},
DOI={10.1002/met.45},
number={1},
journal={Meteorological Applications},
publisher={Wiley-Blackwell},
author={Ferro, Christopher A. T. and Richardson, David S. and Weigel, Andreas P.},
year={2008},
pages={19--24}}


@article{
fricker2013three,
title={Three recommendations for evaluating climate predictions},
volume={20},
DOI={10.1002/met.1409},
number={2},
journal={Meteorological Applications},
publisher={Wiley-Blackwell},
author={Fricker, Thomas E. and Ferro, Christopher A. T. and Stephenson, David B.},
year={2013},
month={Jun},
pages={246--255}}


@article{
ferro2013fair,
title={Fair scores for ensemble forecasts},
volume={140},
DOI={10.1002/qj.2270},
number={683},
journal={Quarterly Journal of the Royal Meteorological Society},
publisher={Wiley-Blackwell},
author={Ferro, C. A. T.},
year={2013},
month={Dec},
pages={1917--1923}}


@article{
murphy1990assessment,
title={Assessment of the practical utility of extended range ensemble forecasts},
volume={116},
DOI={10.1002/qj.49711649105},
number={491},
journal={Quarterly Journal of the Royal Meteorological Society},
publisher={Wiley-Blackwell},
author={Murphy, J. M.},
year={1990},
month={Jan},
pages={89--125}}

@article{
brier1950verification,
title={Verification of forecasts expressed in terms of probability},
volume={78},
DOI={10.1175/1520-0493(1950)078<0001:vofeit>2.0.co;2},
number={1},
journal={Monthly Weather Review},
publisher={American Meteorological Society},
author={Brier, Glenn W.},
year={1950},
month={Jan},
pages={1--3}}

@article{
gneiting2007strictly,
title={Strictly Proper Scoring Rules, Prediction, and Estimation},
volume={102},
DOI={10.1198/016214506000001437},
number={477},
journal={Journal of the American Statistical Association},
publisher={Informa UK Limited},
author={Gneiting, Tilmann and Raftery, Adrian E},
year={2007},
month={Mar},
pages={359--378}}


@article{
matheson1976scoring,
title={Scoring Rules for Continuous Probability Distributions},
volume={22},
DOI={10.1287/mnsc.22.10.1087},
number={10},
journal={Management Science},
publisher={Institute for Operations Research and the Management Sciences
(INFORMS)},
author={Matheson, James E. and Winkler, Robert L.},
year={1976},
month={Jun},
pages={1087--1096}}

@article{
diebold1995comparing,
title={Comparing Predictive Accuracy},
volume={13},
DOI={10.2307/1392185},
number={3},
journal={Journal of Business \& Economic Statistics},
publisher={JSTOR},
author={Diebold, Francis X. and Mariano, Roberto S.},
year={1995},
month={Jul},
pages={253}}

@article{
steiger1980tests,
title={Tests for comparing elements of a correlation matrix.},
volume={87},
ISSN={0033-2909},
url={http://dx.doi.org/10.1037/0033-2909.87.2.245},
DOI={10.1037/0033-2909.87.2.245},
number={2},
journal={Psychological Bulletin},
publisher={American Psychological Association (APA)},
author={Steiger, James H.},
year={1980},
pages={245--251}}


@article{
zou2007toward,
title={Toward using confidence intervals to compare correlations.},
volume={12},
ISSN={1082-989X},
url={http://dx.doi.org/10.1037/1082-989X.12.4.399},
DOI={10.1037/1082-989x.12.4.399},
number={4},
journal={Psychological Methods},
publisher={American Psychological Association (APA)},
author={Zou, Guang Yong},
year={2007},
pages={399--413}}

@book{wilks2011statistical,
  title={Statistical methods in the atmospheric sciences},
  author={Wilks, Daniel S},
  volume={100},
  year={2011},
  publisher={Academic press}
}

